% This file was created with JabRef 2.10b2.
% Encoding: ISO8859_1


@InProceedings{graphics,
  Title                    = {Alle Grafiken von},
  Author                   = {pixabay.com},
}

@Article{Jylaenki2010,
  Title                    = {A thousand ways to pack the bin-a practical approach to two-dimensional rectangle bin packing},
  Author                   = {Jyl{\"a}nki, Jukka},
  Year                     = {2010}
}

@InProceedings{Manson2012,
  Title                    = {Parameterization-Aware MIP-Mapping},
  Author                   = {Manson, Josiah and Schaefer, Scott},
  Booktitle                = {Computer Graphics Forum},
  Year                     = {2012},
  Number                   = {4},
  Organization             = {Wiley Online Library},
  Pages                    = {1455--1463},
  Volume                   = {31}
}


