%% This file was created with JabRef 2.10b2.
%% Encoding: ISO8859_1


@inproceedings{graphics,
  Title                    = {Source for graphics},
  Author                   = {www.pixabay.com}}
  
@inproceedings{mammut,
  Title                    = {Source for graphics},
  Author                   = {gameprogramming.hpi3d.de/201314/mammut/}}
  
@inproceedings{krautscape,
  Title                    = {Source for graphics},
  Author                   = {www.krautscape.net/index.php?page=screenshots}}
  
@inproceedings{signavio,
  Title                    = {Creation tool used fo architecture diagrams},
  Author                   = {http://www.signavio.com/de/}}
